@article{beasley1987,
  author = {Beasley, J. E.},
  title = {An algorithm for set covering problems},
  journal = {European Journal of Operational Research},
  year = {1987},
  volume = {31},
  number = {1},
  pages = {85--93}
}

@misc{orlib,
  author = {Beasley, J. E.},
  year = {1987},
  title = {{OR}-Library: {Test Data Sets for Operations Research Problems}},
  howpublished = {\url{https://people.brunel.ac.uk/~mastjjb/jeb/orlib/scpinfo.html}},
  note = {May, 2025}
}

@article{balas1972,
  author = {Balas, E. and Padberg, M. W.},
  title = {On the Set-Covering Problem},
  journal = {Operations Research},
  year = {1972},
  volume = {20},
  number = {6},
  pages = {1152--1161},
  doi = {10.1287/opre.20.6.1152}
}

@article{karp1972reducibility,
  author = {Karp, Richard M.},
  title = {Reducibility Among Combinatorial Problems},
  journal = {Complexity of Computer Computations},
  year = {1972},
  editor = {Miller, R. E. and Thatcher, J. W.},
  booktitle = {Proceedings of a Symposium on the Complexity of Computer Computations},
  pages = {85--103},
  publisher = {Plenum Press},
  address = {New York},
  series = {The IBM Research Symposia Series},
  note = {Held March 20-22, 1972 at the IBM Thomas J. Watson Research Center}
}
